@article{lax1975maxwell,
  title={From Maxwell to paraxial wave optics},
  author={Lax, Melvin and Louisell, William H and McKnight, William B},
  journal={Physical Review A},
  volume={11},
  number={4},
  pages={1365},
  year={1975},
  publisher={APS}
}

@article{stoler1981operator,
  title={Operator methods in physical optics},
  author={Stoler, David},
  journal={JOSA},
  volume={71},
  number={3},
  pages={334--341},
  year={1981},
  publisher={Optical Society of America}
}

@book{goodman2017introduction,
  title={Introduction to Fourier Optics},
  author={Goodman, J.W.},
  isbn={9781319153045},
  url={https://books.google.com.br/books?id=9zY8DwAAQBAJ},
  year={2017},
  publisher={W. H. Freeman}
}

@misc{fftderiv,
  title={Notes on FFT-based differentiation},
  author={Steven G. Johnson},
  year={2011},
  howpublished = {\url{https://math.mit.edu/~stevenj/fft-deriv.pdf}},
  urldate={2025-06-18},
}

@article{cooley1965algorithm,
  title={An algorithm for the machine calculation of complex Fourier series},
  author={Cooley, James W and Tukey, John W},
  journal={Mathematics of computation},
  volume={19},
  number={90},
  pages={297--301},
  year={1965},
  publisher={JSTOR}
}

@book{schmidt2010numerical,
  title={Numerical Simulation of Optical Wave Propagation with Examples in MATLAB},
  author={Schmidt, J.D.},
  isbn={9780819483263},
  lccn={2010015089},
  series={Press monograph},
  url={https://books.google.com.br/books?id=RqPZSAAACAAJ},
  year={2010},
  publisher={SPIE}
}